@article{carr2013giving,
	title={Giving Viewers What They Want},
	author={David Carr},
	journal={The New York Times},
	year={2013},
	url={https://www.nytimes.com/2013/02/25/business/media/for-house-of-cards-using-big-data-to-guarantee-its-popularity.html}
}

@article{gomez2016netflix,
	title={The netflix recommender system: Algorithms, business value, and innovation},
	author={Gomez-Uribe, Carlos A and Hunt, Neil},
	journal={ACM Transactions on Management Information Systems (TMIS)},
	volume={6},
	number={4},
	pages={13},
	year={2016},
	publisher={ACM}
}

@article{kaplan2019siri,
	title={Siri, Siri, in my hand: Whoâ€™s the fairest in the land? On the interpretations, illustrations, and implications of artificial intelligence},
	author={Kaplan, Andreas and Haenlein, Michael},
	journal={Business Horizons},
	volume={62},
	number={1},
	pages={15--25},
	year={2019},
	publisher={Elsevier}
}

@article{yu_yu_2019,
	title={How Netflix Uses AI and Machine Learning},
	url={https://becominghuman.ai/how-netflix-uses-ai-and-machine-learning-a087614630fe},
	journal={Medium.com},
	publisher={Becoming Human: Artificial Intelligence Magazine},
	author={Yu Allen},
	year={2019},
	month={Feb}
}

@report{nipun2008netflix,
	title={Netflix Recommendation based on IMDB},
	author={Nipun Bhatia, Pratyus Patnaik},
	institution={Stanford University},
	year={2008},
}

@inproceedings{mirbakhsh2013clustering,
	title={Clustering-based factorized collaborative filtering},
	author={Mirbakhsh, Nima and Ling, Charles X},
	booktitle={Proceedings of the 7th ACM conference on Recommender systems},
	pages={315--318},
	year={2013},
	organization={ACM}
}

@misc{hafford,
	title={Netflix Says People Have Similar Taste All Over The World},
	url={https://www.refinery29.com/en-us/2017/03/145981/netflix-worldwide-taste-communities-lab-days},
	journal={Refinery29},
	author={Hafford, Michael},
	year={2017}
}

@inproceedings{daruru2009pervasive,
	title={Pervasive parallelism in data mining: dataflow solution to co-clustering large and sparse netflix data},
	author={Daruru, Srivatsava and Marin, Nena M and Walker, Matt and Ghosh, Joydeep},
	booktitle={Proceedings of the 15th ACM SIGKDD international conference on Knowledge discovery and data mining},
	pages={1115--1124},
	year={2009},
	organization={ACM}
}

@misc{harris_2012,
	title={Netflix analyzes a lot of data about your viewing habits},
	url={https://gigaom.com/2012/06/14/netflix-analyzes-a-lot-of-data-about-your-viewing-habits/?utm_campaign=Beyond the Hype: Artificial Intelligence That Matters&utm_medium=email&utm_source=Revue newsletter},
	journal={Gigaom},
	publisher={Gigaom},
	author={Harris, Derrick},
	year={2012},
	month={Jun}
}

@misc{marr_2018,
	title={Netflix Used Big Data To Identify The Movies That Are Too Scary To Finish},
	url={https://www.forbes.com/sites/bernardmarr/2018/04/18/netflix-used-big-data-to-identify-the-movies-that-are-too-scary-to-finish/#39e821a33990},
	journal={Forbes},
	publisher={Forbes Magazine},
	author={Marr, Bernard},
	year={2018},
	month={Apr}
}

@misc{mckinsey,
	title={How retailers can keep up with consumers},
	url={https://www.mckinsey.com/industries/retail/our-insights/how-retailers-can-keep-up-with-consumers},
	journal={McKinsey & Company},
	author={Ian MacKenzie, Chris Meyer},
	year={2018}
}

@misc{mcalone_2016,
	title={Why Netflix thinks its personalized recommendation engine is worth 1 billion dollars per year},
	url={https://www.businessinsider.com/netflix-recommendation-engine-worth-1-billion-per-year-2016-6},
	journal={Business Insider},
	publisher={Business Insider},
	author={McAlone, Nathan},
	year={2016},
	month={Jun}
}

@misc{macrotrends, 
	title={Netflix Revenue 2006-2019 | NFLX},
	url={https://www.macrotrends.net/stocks/charts/NFLX/netflix/revenue},
	journal={Macrotrends}
}
